@misc{StanParser,
  title = {The Stanford Parser: a statistical parser},
  howpublished = {\url{http://nlp.stanford.edu/software/lex-parser.shtml}}
}

@inproceedings{klein2003accurate,
  title={Accurate unlexicalized parsing},
  author={Klein, Dan and Manning, Christopher D},
  booktitle={Proceedings of the 41st Annual Meeting on Association for Computational Linguistics-Volume 1},
  pages={423--430},
  year={2003},
  organization={Association for Computational Linguistics}
}

@inproceedings{reichart2007self,
  title={Self-training for enhancement and domain adaptation of statistical parsers trained on small datasets},
  author={Reichart, Roi and Rappoport, Ari},
  booktitle={ACL},
  volume={7},
  pages={616--623},
  year={2007}
}
